%% Yunjoo Park at 2016-04-28 

%% Saved with string encoding Unicode (UTF-8) 

@mastersthesis{netpolyhedra,
	author	= "Wolfram Schlickenrieder",
	title		= "Nets of Polyhedra",
	school	= "Technische Universitat Berlin",
    	year		= "1997",
}